@article{Wallentin2015,
author = {Wallentin, Gudrun and Hofer, Barbara and Traun, Christoph},
doi = {10.1111/tgis.12148},
issn = {14679671},
journal = {Transactions in GIS},
month = {jun},
number = {3},
pages = {439--454},
publisher = {Blackwell Publishing Ltd},
title = {{Assessment of Workforce Demands to Shape GIS{\&}T Education}},
url = {http://doi.wiley.com/10.1111/tgis.12148},
volume = {19},
year = {2015}
}
@article{Kimber2016,
author = {Kimber, Andres},
journal = {Tutulus: Eesti arheoloogia aastakiri},
pages = {44--46},
title = {{Lohukivid, vaated ja helid muistsel maastikul}},
year = {2016}
}
@phdthesis{Haav2014,
author = {Haav, Allar},
school = {University of Tartu},
title = {{Ruumiarheoloogiline vaade asustusmustrile: fragment Kagu-Eesti eelviikingiajast hilisrauaajani (6. â€“ 13. saj)}},
type = {Master's Thesis},
url = {https://dspace.ut.ee/bitstream/handle/10062/41911/Haav{\_}MA14.pdf?sequence=1},
year = {2014}
}
@article{Rosentau2013,
author = {Rosentau, Alar and Muru, Merle and Kriiska, Aivar and Subetto, Dmitry A. and Vassiljev, J{\"{u}}ri and Hang, Tiit and Gerasimov, Dmitry and Nordqvist, Kerkko and Ludikova, Anna and L{\~{o}}ugas, Lembi and Raig, Hanna and Kihno, Kersti and Aunap, Raivo and Letyka, Nikolay},
doi = {10.1111/bor.12004},
issn = {03009483},
journal = {Boreas},
number = {4},
pages = {912--931},
title = {{Stone Age settlement and Holocene shore displacement in the Narva-Luga Klint Bay area, eastern Gulf of Finland}},
volume = {42},
year = {2013}
}
@book{Gregory2014,
author = {Gregory, Ian N. and Geddes, Alistair},
isbn = {9780253011909},
title = {{Toward spatial humanities: Historical gis and spatial history}},
url = {https://www.jstor.org/stable/j.ctt16gz7s5},
year = {2014}
}
@article{Moncla2019,
author = {Moncla, Ludovic and Gaio, Mauro and Joliveau, Thierry and {Le Lay}, Yves Fran{\c{c}}ois and Boeglin, No{\'{e}}mie and Mazagol, Pierre Olivier},
doi = {10.1080/13658816.2019.1584804},
issn = {13623087},
journal = {International Journal of Geographical Information Science},
month = {dec},
number = {12},
pages = {2477--2497},
publisher = {Taylor and Francis Ltd.},
title = {{Mapping urban fingerprints of odonyms automatically extracted from French novels}},
url = {https://www.tandfonline.com/doi/abs/10.1080/13658816.2019.1584804},
volume = {33},
year = {2019}
}
@incollection{Presner2015,
author = {Presner, Todd and Shepard, David},
doi = {10.1002/9781118680605.ch14},
isbn = {9781118680605},
booktitle = {A New Companion to Digital Humanities},
pages = {199--212},
title = {{Mapping the Geospatial Turn}},
year = {2015}
}