@phdthesis{Haav2014,
author = {Haav, Allar},
school = {University of Tartu},
title = {{Ruumiarheoloogiline vaade asustusmustrile: fragment Kagu-Eesti eelviikingiajast hilisrauaajani (6. – 13. saj)}},
type = {Master's Thesis},
url = {https://dspace.ut.ee/bitstream/handle/10062/41911/Haav{\_}MA14.pdf?sequence=1},
year = {2014}
}
@article{Kimber2016,
author = {Kimber, Andres},
journal = {Tutulus: Eesti arheoloogia aastakiri},
pages = {44--46},
title = {{Lohukivid, vaated ja helid muistsel maastikul}},
year = {2016}
}
@article{Wallentin2015,
author = {Wallentin, Gudrun and Hofer, Barbara and Traun, Christoph},
doi = {10.1111/tgis.12148},
issn = {14679671},
journal = {Transactions in GIS},
month = {jun},
number = {3},
pages = {439--454},
publisher = {Blackwell Publishing Ltd},
title = {{Assessment of Workforce Demands to Shape GIS{\&}T Education}},
url = {http://doi.wiley.com/10.1111/tgis.12148},
volume = {19},
year = {2015}
}
@article{Rosentau2013,
author = {Rosentau, Alar and Muru, Merle and Kriiska, Aivar and Subetto, Dmitry A. and Vassiljev, J{\"{u}}ri and Hang, Tiit and Gerasimov, Dmitry and Nordqvist, Kerkko and Ludikova, Anna and L{\~{o}}ugas, Lembi and Raig, Hanna and Kihno, Kersti and Aunap, Raivo and Letyka, Nikolay},
doi = {10.1111/bor.12004},
issn = {03009483},
journal = {Boreas},
number = {4},
pages = {912--931},
title = {{Stone Age settlement and Holocene shore displacement in the Narva-Luga Klint Bay area, eastern Gulf of Finland}},
volume = {42},
year = {2013}
}
@article{Moncla2019,
author = {Moncla, Ludovic and Gaio, Mauro and Joliveau, Thierry and {Le Lay}, Yves Fran{\c{c}}ois and Boeglin, No{\'{e}}mie and Mazagol, Pierre Olivier},
doi = {10.1080/13658816.2019.1584804},
issn = {13623087},
journal = {International Journal of Geographical Information Science},
month = {dec},
number = {12},
pages = {2477--2497},
publisher = {Taylor and Francis Ltd.},
title = {{Mapping urban fingerprints of odonyms automatically extracted from French novels}},
url = {https://www.tandfonline.com/doi/abs/10.1080/13658816.2019.1584804},
volume = {33},
year = {2019}
}
@article{Jessop2008,
author = {Jessop, Martyn},
doi = {10.1093/llc/fqm041},
issn = {02681145},
journal = {Literary and Linguistic Computing},
number = {1},
pages = {39--50},
title = {{The inhibition of geographical information in digital humanities scholarship}},
volume = {23},
year = {2008}
}
@misc{Murrieta-Flores2019,
author = {Murrieta-Flores, Patricia and Martins, Bruno},
booktitle = {International Journal of Geographical Information Science},
doi = {10.1080/13658816.2019.1645336},
issn = {13623087},
month = {dec},
number = {12},
pages = {2424--2429},
publisher = {Taylor and Francis Ltd.},
title = {{The geospatial humanities: past, present and future}},
url = {https://www.tandfonline.com/doi/full/10.1080/13658816.2019.1645336},
volume = {33},
year = {2019}
}
@book{Gregory2014,
author = {Gregory, Ian N. and Geddes, Alistair},
isbn = {9780253011909},
title = {{Toward spatial humanities: Historical gis and spatial history}},
url = {https://www.jstor.org/stable/j.ctt16gz7s5},
year = {2014}
}
@incollection{Presner2015,
author = {Presner, Todd and Shepard, David},
doi = {10.1002/9781118680605.ch14},
isbn = {9781118680605},
booktitle = {{A New Companion to Digital Humanities}},
pages = {199--212},
title = {{Mapping the Geospatial Turn}},
year = {2015}
}
@book{Bolstad2016,
author = {Bolstad, Paul},
isbn = {9781506695877},
title = {{A First Text on Geographic Information Systems, 5th edition}},
year = {2016}
}
@book{Ballas2018,
author = {Ballas, Dimitris and Clarke, Graham and Franklin, Rachel and Newing, Andy},
isbn = {9781138785120},
publisher = {Routledge},
title = {{GIS and the Social Sciences: Theory and Application}},
year = {2018}
}
@book{Okabe2006,
author = {Okabe, Atsuyuki},
publisher = {Taylor & Francis Group},
title = {{GIS-Based Studies in the Humanities and Social Sciences}},
year = {2006}
}
@misc{Suurna&Sisas2010,
author = {Suurna, Ranel and Sisas, Eveli},
title = {{GIS ja kartograafia alused}},
url = {https://www.digar.ee/arhiiv/nlib-digar:120392},
year = {2010}
}
@article{Pilvik2019,
author = {Pilvik, Maarja-Liisa and Muischnek, Kadri and Jaanimäe, Gerth and Lindström, Liina and Lust, Kersti and Orasmaa, Siim and Türna, Tõnis},
journal = {Eesti Rakenduslingvistika Ühingu Aastaraamat, 15},
pages = {139--158},
title = {{Möistus sai kuulotedu: 19. sajandi vallakohtuprotokollide tekstidest digitaalse ressursi loomine}},
year = {2019}
}
@incollection{Aunap2019,
author = {Aunap, Raivo},
title = {{Geodeetilised alused}},
booktitle = {{Geoinformaatika}},
pages = {125-182},
year = {2019}
}
@article{Crameri2020,
author = {Crameri, Fabio and Shephard, Grace E and Heron, Philip J},
doi = {10.1038/s41467-020-19160-7},
issn = {2041-1723},
journal = {Nature Communications},
keywords = {GISi kursus},
mendeley-tags = {GISi kursus},
number = {1},
pages = {5444},
title = {{The misuse of colour in science communication}},
url = {https://doi.org/10.1038/s41467-020-19160-7},
volume = {11},
year = {2020}
}
@article{Thyng2020,
author = {Thyng, Kristen M.},
doi = {10.1109/MCSE.2020.3006946},
issn = {1558366X},
journal = {Computing in Science and Engineering},
month = {sep},
number = {5},
pages = {96--102},
publisher = {IEEE Computer Society},
title = {{{The Importance of Colormaps}}},
volume = {22},
year = {2020}
}
@article{Gregory&Cooper2009,
author = {Gregory, I.N. and Cooper, D.},
title = {{Thomas Gray, Samuel Taylor Coleridge and geographical information systems: A literary GIS of two Lake District tours}},
journal = {International Journal of Humanities and Arts Computing},
issue = {3},
number = {1-2},
year = {2009},
pages = {61--84}
}
@article{Gritta2017,
author = {Milan Gritta, Mohammad Taher Pilehvar, Nut Limsopatham and Nigel Collier},
title = {{What’s missing in geographical parsing?}},
journal = {Lang Resources and Evaluation},
year = {2017},
number = {53},
pages = {603--623}
}
@incollection{Heuser2016,
author = {Ryan Heuser, Mark Algee-Hewitt, Annalise Lockhart, Erik Steiner and Van Tran},
title = {{Mapping the Emotions of London in Fiction, 1700-1900: A Crowdsourcing Experiment}},
booktitle = {Literary Mapping in the Digital Age},
year = {2016},
pages = {25--46}
}
@article{Murrieta-Flores2017,
author = {Patricia Murrieta-Flores, Christopher Donaldson, Ian Gregory},
title = {{GIS and Literary History: Advancing Digital Humanities research through the Spatial Analysis of historical travel writing and topographical literature}},
journal = {Digital Humanities Quarterly},
year = {2017},
issue = {11},
number = {1}
}
@book{Gillings2020,
author = {Gillings, E Mark and Hacıg{\"{u}}zeller, Piraye and Lock, Gary},
isbn = {9780815373230},
title = {{Archaeological Spatial Analysis : A Methodological Guide Archaeology and spatial analysis}},
year = {2020}
}
